% Encoding: UTF-8

% !!! Зверніть увагу, як заповнюється  джерела, в яких авторів більше ніж один !!! 
% !!! Кома після прізвища, а після ініціалів ключове слово "and" !!!

@book{golubtsov2023,
  author    = {Голубцов, О. and Сорокіна, Л. and Сплодитель, А.},
  title     = {Вплив війни росії проти України на стан українських ґрунтів. Результати аналізу},
  address   = {К.},
  publisher = {ГО <<Центр екологічних ініціатив <<Екодія>>},
  year      = {2023},
  numpages  = {32},
  language  = {ukrainian}
}

@inproceedings{barabash2023,
  author    = {Барабаш, І. О. and Пархомчук, О. М. and Шелестов А. Ю.},
  booktitle = {XXI Всеукраїнська науково-практична конференція студентів, аспірантів та молодих вчених <<Теоретичні і прикладні проблеми фізики, математики та інформатики>>},
  editor    = {},
  title     = {Геопросторовий аналiз пошкоджень вiд вiйни в Українi},
  year      = {11-12 травня 2023}
}

@article{mpp2022,
  author   = {Kruse, C. and Wittich, D. and Rottensteiner, F. and Heipke,  C.},
  title    = {Generating impact maps from bomb craters automatically detected in aerial wartime images using marked point processes},
  journal  = {ISPRS Open Journal of Photogrammetry and Remote Sensing},
  year     = {2022},
  number   = {100017},
  volume   = {5},
  pages    = {21},
  language = {english}
}

@article{abburu2015,
  author  = {Abburu, S. and Golla, S. B.},
  journal = {International Journal of Computer Applications},
  number  = {8},
  title   = {Satellite Image Classification Methods and Techniques: A Review},
  volume  = {199},
  year    = {2015},
  pages   = {20-25}
}

@inproceedings{pritt2017,
  author    = {Pritt, M. and Chern, G.},
  booktitle = {2017 IEEE applied imagery pattern recognition workshop},
  editor    = {IEEE},
  title     = {Satellite image classification with deep learning},
  year      = {10-12 October 2017},
  pages     = {1-7}
}

@article{cnn2019,
  author   = {Clermont, D. and Kruse, C. and Rottensteiner, F. and Heipke, C.},
  journal  = {The International Archives of the Photogrammetry, Remote Sensing and Spatial Information Sciences},
  number   = {42},
  title    = {Supervised detection of bomb craters in historical aerial images using convolutional neural networks},
  year     = {2019},
  pages    = {67-74},
  language = {english}
}